

@article{Katakis:2010:TR,
 author = {Katakis, Ioannis and Tsoumakas, Grigorios and Vlahavas, Ioannis},
 title = {Tracking Recurring Contexts Using Ensemble Classifiers: An Application to Email Filtering},
 journal = {Knowledge and Information Systems},
 volume = {22},
 number = {3},
 year = {2010},
 pages = {371--391},
} 


@article{Tang:2018un,
author = {Tang, Hanlin and Gan, Shaoduo and Zhang, Ce and Zhang, Tong and Liu, Ji},
title = {{Communication Compression for Decentralized Training}},
journal = {arXiv.org},
year = {2018},
eprint = {1803.06443v3},
eprinttype = {arxiv},
eprintclass = {cs.LG},
month = mar
}

@article{Chaudhuri:2011tr,
author = {Chaudhuri, Kamalika and Monteleoni, Claire and Sarwate, Anand D},
title = {{Differentially Private Empirical Risk Minimization.}},
journal = {Journal of Machine Learning Research},
year = {2011}
}

@incollection{NIPS2017_6865,
title = {Differentially Private Empirical Risk Minimization Revisited: Faster and More General},
author = {Wang, Di and Ye, Minwei and Xu, Jinhui},
booktitle = {Advances in Neural Information Processing Systems 30},
pages = {2722--2731},
year = {2017},
}


@article{Dwork:2014gx,
author = {Dwork, Cynthia and Roth, Aaron},
title = {{The Algorithmic Foundations of Differential Privacy.}},
journal = {Foundations and Trends in Theoretical Computer Science},
year = {2014},
volume = {9},
number = {3-4},
pages = {211--407}
}
















