


@article{Yuan:2016ur,
author = {Yuan, Kun and Ling, Qing and Yin, Wotao},
title = {{On the Convergence of Decentralized Gradient Descent.}},
journal = {SIAM Journal on Optimization},
year = {2016}
}



@ARTICLE{8320863, 
author={J. Zeng and W. Yin}, 
journal={IEEE Transactions on Signal Processing}, 
title={On Nonconvex Decentralized Gradient Descent}, 
year={2018}, 
volume={66}, 
number={11}, 
pages={2834-2848}, 
month={June},}

@ARTICLE{7903733, 
author={T. Wu and K. Yuan and Q. Ling and W. Yin and A. H. Sayed}, 
journal={IEEE Transactions on Signal and Information Processing over Networks}, 
title={Decentralized Consensus Optimization With Asynchrony and Delays}, 
year={2018}, 
volume={4}, 
number={2}, 
pages={293-307}, 
month={June},}


@INPROCEEDINGS{6760092, 
author={S. Hosseini and A. Chapman and M. Mesbahi}, 
booktitle={52nd IEEE Conference on Decision and Control}, 
title={Online distributed optimization via dual averaging}, 
year={2013}, 
pages={1484-1489}, 
month={Dec},}

@article{Chen:2018vl,
author = {Chen, Niangjun and Goel, Gautam and Wierman, Adam},
title = {{Smoothed Online Convex Optimization in High Dimensions via Online Balanced Descent}},
journal = {arXiv.org},
year = {2018},
eprint = {1803.10366v2},
eprinttype = {arxiv},
eprintclass = {cs.LG},
month = mar
}
@article{Orabona:2012vr,
author = {Orabona, Francesco and Luo, Jie and Caputo, Barbara},
title = {{Multi Kernel Learning with Online-Batch Optimization.}},
journal = {Journal of Machine Learning Research},
year = {2012}
}

@Miscellaneous{introduction-online-optimization,
author = {Bubeck, SÃ©bastien},
title = {Introduction to Online Optimization},
year = {2011},
month = {December},
}


@article{Neely:2017ul,
author = {Neely, Michael J and Yu, Hao},
title = {{Online Convex Optimization with Time-Varying Constraints}},
journal = {arXiv.org},
year = {2017},
eprint = {1702.04783v2},
eprinttype = {arxiv},
eprintclass = {math.OC},
month = feb,
annote = {18 pages, no figures}
}



@article{HoNguyen:2017ki,
author = {Ho-Nguyen, Nam and Kilinc-Karzan, Fatma},
title = {{Exploiting Problem Structure in Optimization under Uncertainty via Online Convex Optimization}},
journal = {arXiv.org},
year = {2017},
eprint = {1709.02490v3},
eprinttype = {arxiv},
eprintclass = {math.OC},
number = {3},
pages = {741--35},
month = sep
}

@article{Paternain:2016tl,
author = {Paternain, Santiago and Ribeiro, Alejandro},
title = {{Online Learning of Feasible Strategies in Unknown Environments}},
journal = {arXiv.org},
year = {2016},
eprint = {1604.02137v1},
eprinttype = {arxiv},
eprintclass = {math.OC},
month = apr
}



@article{Bach:2016wt,
author = {Bach, Francis and Perchet, Vianney},
title = {{Highly-Smooth Zero-th Order Online Optimization Vianney Perchet}},
journal = {arXiv.org},
year = {2016},
eprint = {1605.08165v1},
eprinttype = {arxiv},
eprintclass = {cs.LG},
month = may,
annote = {Conference on Learning Theory (COLT), Jun 2016, New York, United States. 2016}
}



@InProceedings{pmlr-v84-mohri18a,
  title = 	 {Competing with Automata-based Expert Sequences},
  author = 	 {Mehryar Mohri and Scott Yang},
  booktitle = 	 {Proceedings of the Twenty-First International Conference on Artificial Intelligence and Statistics},
  pages = 	 {1732--1740},
  year = 	 {2018},
  editor = 	 {Amos Storkey and Fernando Perez-Cruz},
  volume = 	 {84},
  month = 	 {09--11 Apr},
}

@inproceedings{cesabianchi:hal,
  TITLE = {{Mirror Descent Meets Fixed Share (and feels no regret)}},
  AUTHOR = {Cesa-Bianchi, Nicol{\`o} and Gaillard, Pierre and Lugosi, Gabor and Stoltz, Gilles},
  BOOKTITLE = {{NIPS 2012}},
  PAGES = {Paper 471},
  YEAR = {2012},
}

@article{JMLR:v17:13-533,
  author  = {Dmitry Adamskiy and Wouter M. Koolen and Alexey Chernov and Vladimir Vovk},
  title   = {A Closer Look at Adaptive Regret},
  journal = {Journal of Machine Learning Research},
  year    = {2016},
  volume  = {17},
  number  = {23},
  pages   = {1-21},
}

@article{Mourtada:2017vn,
author = {Mourtada, Jaouad and Maillard, Odalric-Ambrym},
title = {{Efficient tracking of a growing number of experts}},
journal = {arXiv.org},
year = {2017},
eprint = {1708.09811v1},
eprinttype = {arxiv},
eprintclass = {stat.ML},
month = aug,
annote = {To appear in Proceedings of the 28th International Conference on Algorithmic Learning Theory (ALT 2017)}
}

@ARTICLE{Gyorgy:2012wa, 
author={A. Gyorgy and T. Linder and G. Lugosi}, 
journal={IEEE Transactions on Information Theory}, 
title={Efficient Tracking of Large Classes of Experts}, 
year={2012}, 
volume={58}, 
number={11}, 
pages={6709-6725}, 
month={Nov},}

@article{Gyorgy:2005wo,
author = {Gy{\"o}rgy, Andr{\'a}s and Linder, Tam{\'a}s and Lugosi, G{\'a}bor},
title = {{Tracking the Best of Many Experts.}},
journal = {Proceedings of Conference on Learning Theory (COLT)},
year = {2005}
}

@Article{Herbster1998,
author="Herbster, Mark
and Warmuth, Manfred K.",
title="Tracking the Best Expert",
journal="Machine Learning",
year="1998",
month="Aug",
volume="32",
number="2",
pages="151--178",
}

@article{Zhao:2018wx,
author = {Zhao, Yawei and Qiu, Shuang and Liu, Ji},
title = {{Proximal Online Gradient is Optimum for Dynamic Regret.}},
journal = {CoRR},
year = {2018},
volume = {cs.LG}
}



@InProceedings{NIPS2016_6536,
title = {Tracking the Best Expert in Non-stationary Stochastic Environments},
author = {Wei, Chen-Yu and Hong, Yi-Te and Lu, Chi-Jen},
booktitle = {Proceedings of Advances in Neural Information Processing Systems},
editor = {D. D. Lee and M. Sugiyama and U. V. Luxburg and I. Guyon and R. Garnett},
pages = {3972--3980},
year = {2016},
}

@inproceedings{Gyorgy:2016,
 author = {Gy\"{o}rgy, Andr\'{a}s and Szepesv\'{a}ri, Csaba},
 title = {Shifting Regret, Mirror Descent, and Matrices},
 booktitle = {Proceedings of the 33rd International Conference on International Conference on Machine Learning - Volume 48},
 series = {ICML'16},
 year = {2016},
 pages = {2943--2951},
 publisher = {JMLR.org},
} 

@InProceedings{pmlr-v54-jun17a,
  title = 	 {Improved Strongly Adaptive Online Learning using Coin Betting},
  author = 	 {Kwang-Sung Jun and Francesco Orabona and Stephen Wright and Rebecca Willett},
  booktitle = 	 {Proceedings of the 20th International Conference on Artificial Intelligence and Statistics (AISTATS)},
  pages = 	 {943--951},
  year = 	 {2017},
  editor = 	 {Aarti Singh and Jerry Zhu},
  volume = 	 {54},
  month = 	 {20--22 Apr},
}

@InProceedings{pmlr-v84-gao18a,
  title = 	 {Online Learning with Non-Convex Losses and Non-Stationary Regret},
  author = 	 {Xiand Gao and Xiaobo Li and Shuzhong Zhang},
  booktitle = 	 {Proceedings of the Twenty-First International Conference on Artificial Intelligence and Statistics (AISTATS)},
  pages = 	 {235--243},
  year = 	 {2018},
  editor = 	 {Amos Storkey and Fernando Perez-Cruz},
  volume = 	 {84},
  month = 	 {09--11 Apr},
}

@inproceedings{Awerbuch:2007:OCF,
 author = {Awerbuch, Baruch and Hayes, Thomas P.},
 title = {Online Collaborative Filtering with Nearly Optimal Dynamic Regret},
 booktitle = {Proceedings of the Nineteenth Annual ACM Symposium on Parallel Algorithms and Architectures (SPAA)},
 year = {2007},
 pages = {315--319},
} 

@InProceedings{Zhang:2018tu,
  title = 	 {Dynamic Regret of Strongly Adaptive Methods},
  author = 	 {Zhang, Lijun and Yang, Tianbao and rong jin and Zhou, Zhi-Hua},
  booktitle = 	 {Proceedings of the 35th International Conference on Machine Learning (ICML)},
  pages = 	 {5882--5891},
  year = 	 {2018},
  month = 	 {10--15 Jul},
}

@article{Tang:2018vka,
author = {Tang, Hanlin and Lian, Xiangru and Yan, Ming and Zhang, Ce and Liu, Ji},
title = {{D$^{2}$: Decentralized Training over Decentralized Data}},
journal = {arXiv.org},
year = {2018},
eprint = {1803.07068v2},
eprinttype = {arxiv},
eprintclass = {cs.DC},
month = mar
}




@inproceedings{Mokhtari:2016jz,
author = {Mokhtari, Aryan and Shahrampour, Shahin and Jadbabaie, Ali and Ribeiro, Alejandro},
title = {{Online optimization in dynamic environments: Improved regret rates for strongly convex problems}},
booktitle = {Proceedings of IEEE Conference on Decision and Control (CDC)},
year = {2016},
pages = {7195--7201},
publisher = {IEEE},
}

@inproceedings{Zhang:2016wl,
author = {Zhang, Lijun and Yang, Tianbao and Yi, Jinfeng and Jin, Rong and Zhou, Zhi-Hua},
title = {{Improved Dynamic Regret for Non-degenerate Functions}},
booktitle = {Proceedings of Neural Information Processing Systems (NIPS)},
year = {2017},
}

@article{Duchi:2012hp,
author = {{Duchi, John C} and {Agarwal, Alekh} and {Wainwright, Martin J}},
title = {{Dual Averaging for Distributed Optimization - Convergence Analysis and Network Scaling.}},
journal = {IEEE Trans. Automat. Contr.},
year = {2012},
volume = {57},
number = {3},
pages = {592--606}
}



@article{Duchi:2011,
 author = {Duchi, John and Hazan, Elad and Singer, Yoram},
 title = {Adaptive Subgradient Methods for Online Learning and Stochastic Optimization},
 journal = {Journal of Machine Learning Research (JMLR)},
 volume = {12},
 year = {2011},
 pages = {2121--2159},
} 

@ARTICLE{Bedi:2018te, 
author={A. S. Bedi and P. Sarma and K. Rajawat}, 
journal={IEEE Journal of Selected Topics in Signal Processing}, 
title={Tracking Moving Agents via Inexact Online Gradient Descent Algorithm}, 
year={2018}, 
volume={12}, 
number={1}, 
pages={202-217}, 
month={Feb},
}

@inproceedings{Yang:2016ud,
author = {Yang, Tianbao and Zhang, Lijun and Jin, Rong and Yi, Jinfeng},
title = {{Tracking Slowly Moving Clairvoyant - Optimal Dynamic Regret of Online Learning with True and Noisy Gradient.}},
booktitle = {Proceedings of the 34th International Conference on Machine Learning (ICML)},
year = {2016},
}

@InProceedings{Jadbabaie:2015wg,
  title = 	 {{Online Optimization : Competing with Dynamic Comparators}},
  author = 	 {Ali Jadbabaie and Alexander Rakhlin and Shahin Shahrampour and Karthik Sridharan},
  booktitle = 	 {Proceedings of International Conference on Artificial Intelligence and Statistics (AISTATS)},
  pages = 	 {398--406},
  year = 	 {2015},
}

@inproceedings{Hall:2013vr,
author = {Hall, Eric C and Willett, Rebecca},
title = {{Dynamical Models and tracking regret in online convex programming.}},
booktitle = {Proceedings of International Conference on International Conference on Machine Learning (ICML)},
year = {2013},
}

@article{Hall:2015ct,
author = {Hall, Eric C and Willett, Rebecca M},
title = {{Online Convex Optimization in Dynamic Environments.}},
journal = {IEEE Journal of Selected Topics in Signal Processing},
year = {2015},
volume = {9},
number = {4},
pages = {647--662},
}


@inproceedings{Zinkevich:2003,
 author = {Zinkevich, Martin},
 title = {Online Convex Programming and Generalized Infinitesimal Gradient Ascent},
 booktitle = {Proceedings of International Conference on Machine Learning (ICML)},
 year = {2003},
 pages = {928--935},
} 

@InProceedings{pmlr-v70-zhang17g,
  title = 	 {Projection-free Distributed Online Learning in Networks},
  author = 	 {Wenpeng Zhang and Peilin Zhao and Wenwu Zhu and Steven C. H. Hoi and Tong Zhang},
  booktitle = 	 {Proceedings of the 34th International Conference on Machine Learning},
  pages = 	 {4054--4062},
  year = 	 {2017},
  editor = 	 {Doina Precup and Yee Whye Teh},
  address = 	 {International Convention Centre, Sydney, Australia},
  month = 	 {06--11 Aug},
}




@article{Benczur:2018ww,
author = {Bencz{\'u}r, Andr{\'a}s A and Kocsis, Levente and P{\'a}lovics, R{\'o}bert},
title = {{Online Machine Learning in Big Data Streams.}},
journal = {CoRR},
year = {2018}
}

@article{ShalevShwartz:2012dz,
author = {Shalev-Shwartz, Shai},
title = {{Online Learning and Online Convex Optimization}},
journal = {Foundations and Trends{\textregistered} in Machine Learning},
year = {2012},
volume = {4},
number = {2},
pages = {107--194},
}

@article{Hazan2016Introduction,
year = {2016},
volume = {2},
journal = {Foundations and Trends in Optimization},
title = {Introduction to Online Convex Optimization},
number = {3-4},
pages = {157-325},
author = {Elad Hazan},
}


@ARTICLE{tcns-7479495, 
author={S. Lee and A. NediÄ and M. Raginsky}, 
journal={IEEE Transactions on Control of Network Systems}, 
title={Coordinate Dual Averaging for Decentralized Online Optimization With Nonseparable Global Objectives}, 
year={2018}, 
volume={5}, 
number={1}, 
pages={34-44}, 
month={March},}

@INPROCEEDINGS{acc-7172037, 
author={A. NediÄ and S. Lee and M. Raginsky}, 
booktitle={2015 American Control Conference (ACC)}, 
title={Decentralized online optimization with global objectives and local communication}, 
year={2015}, 
volume={}, 
number={}, 
pages={4497-4503}, 
month={July},
}

@INPROCEEDINGS{cdc-7798923, 
author={S. Lee and A. Ribeiro and M. M. Zavlanos}, 
booktitle={2016 IEEE 55th Conference on Decision and Control (CDC)}, 
title={Distributed continuous-time online optimization using saddle-point methods}, 
year={2016}, 
volume={}, 
number={}, 
pages={4314-4319}, 
month={Dec},
}

@ARTICLE{tcns-7353155, 
author={M. Akbari and B. Gharesifard and T. Linder}, 
journal={IEEE Transactions on Control of Network Systems}, 
title={Distributed Online Convex Optimization on Time-Varying Directed Graphs}, 
year={2017}, 
volume={4}, 
number={3}, 
pages={417-428}, 
month={Sep.},
}

@ARTICLE{tkde-6311406, 
author={F. Yan and S. Sundaram and S. V. N. Vishwanathan and Y. Qi}, 
journal={IEEE Transactions on Knowledge and Data Engineering}, 
title={Distributed Autonomous Online Learning: Regrets and Intrinsic Privacy-Preserving Properties}, 
year={2013}, 
volume={25}, 
number={11}, 
pages={2483-2493}, 
month={Nov},}


@article{WileyEdwar2002l2,
	author = { David A. Wiley and Erin K. Edwards },
	title = { Online Self-Organizing Social Systems: The Decentralized Future of Online Learning },
	journal = { Quarterly Review of Distance Education },
	volume = { 3 },
	number = { 1 },
	year = { 2002 },
	pages = { 33--46 },
}

@Article{Xu2015,
author="Xu, Hao-Feng and Ling, Qing and Ribeiro, Alejandro",
title="Online Learning over a Decentralized Network Through ADMM",
journal="Journal of the Operations Research Society of China",
year="2015",
month="Dec",
volume="3",
number="4",
pages="537--562",
}

@Article{Zhang2018,
author="Zhang, Chi and Zhao, Peilin and Hao, Shuji and Soh, Yeng Chai and Lee, Bu Sung and Miao, Chunyan and Hoi, Steven C. H.",
title="Distributed multi-task classification: a decentralized online learning approach",
journal="Machine Learning",
year="2018",
month="Apr",
volume="107",
number="4",
pages="727--747",
}

@ARTICLE{Koppel-8352032, 
author={A. Koppel and S. Paternain and C. Richard and A. Ribeiro}, 
journal={IEEE Transactions on Signal Processing}, 
title={Decentralized Online Learning With Kernels}, 
year={2018}, 
volume={66}, 
number={12}, 
pages={3240-3255}, 
month={June},}

@inproceedings{Kamp:2014:CDO,
 author = {Kamp, Michael and Boley, Mario and Keren, Daniel and Schuster, Assaf and Sharfman, Izchak},
 title = {Communication-efficient Distributed Online Prediction by Dynamic Model Synchronization},
 booktitle = {Proceedings of the 2014th European Conference on Machine Learning and Knowledge Discovery in Databases - Volume Part I},
 series = {ECMLPKDD'14},
 year = {2014},
 pages = {623--639},
 publisher = {Springer-Verlag},
 address = {Berlin, Heidelberg},
} 

@ARTICLE{8015179Shahram, 
author={S. Shahrampour and A. Jadbabaie}, 
journal={IEEE Transactions on Automatic Control}, 
title={Distributed Online Optimization in Dynamic Environments Using Mirror Descent}, 
year={2018}, 
volume={63}, 
number={3}, 
pages={714-725}, 
month={March},}

@article{Katakis:2010:TR,
 author = {Katakis, Ioannis and Tsoumakas, Grigorios and Vlahavas, Ioannis},
 title = {Tracking Recurring Contexts Using Ensemble Classifiers: An Application to Email Filtering},
 journal = {Knowledge and Information Systems},
 volume = {22},
 number = {3},
 year = {2010},
 pages = {371--391},
} 


@article{Tang:2018un,
author = {Tang, Hanlin and Gan, Shaoduo and Zhang, Ce and Zhang, Tong and Liu, Ji},
title = {{Communication Compression for Decentralized Training}},
journal = {arXiv.org},
year = {2018},
eprint = {1803.06443v3},
eprinttype = {arxiv},
eprintclass = {cs.LG},
month = mar
}

@article{Chaudhuri:2011tr,
author = {Chaudhuri, Kamalika and Monteleoni, Claire and Sarwate, Anand D},
title = {{Differentially Private Empirical Risk Minimization.}},
journal = {Journal of Machine Learning Research},
year = {2011}
}

@incollection{NIPS2017_6865,
title = {Differentially Private Empirical Risk Minimization Revisited: Faster and More General},
author = {Wang, Di and Ye, Minwei and Xu, Jinhui},
booktitle = {Advances in Neural Information Processing Systems 30},
pages = {2722--2731},
year = {2017},
}


@article{Dwork:2014gx,
author = {Dwork, Cynthia and Roth, Aaron},
title = {{The Algorithmic Foundations of Differential Privacy.}},
journal = {Foundations and Trends in Theoretical Computer Science},
year = {2014},
volume = {9},
number = {3-4},
pages = {211--407}
}
















